<?xml version="1.0" encoding="UTF-8"?><collection xmlns="http://www.loc.gov/MARC21/slim"><record><leader>00467nam--2200181-i-4500</leader><controlfield tag="001">000040067</controlfield><controlfield tag="002">20161230</controlfield><controlfield tag="005">20161230201042</controlfield><controlfield tag="008">060222s1000------------r-----000-0-eng-d</controlfield><datafield ind1=" " ind2=" " tag="020"><subfield code="a">0394501691</subfield></datafield><datafield ind1=" " ind2=" " tag="040"><subfield code="a">IFIN-HH</subfield></datafield><datafield ind1=" " ind2=" " tag="080"><subfield code="a">524.8</subfield></datafield><datafield ind1="1" ind2=" " tag="100"><subfield code="a">Sagan,Carl</subfield></datafield><datafield ind1="1" ind2="0" tag="245"><subfield code="a">Broca`s brain</subfield><subfield code="b">Reflections on the romance of science</subfield><subfield code="c">Carl sagan</subfield></datafield><datafield ind1=" " ind2=" " tag="260"><subfield code="a">New York</subfield><subfield code="b">Random House</subfield><subfield code="c">1979</subfield></datafield><datafield ind1=" " ind2=" " tag="300"><subfield code="a">XV + 347 P</subfield></datafield><datafield ind1=" " ind2=" " tag="852"><subfield code="a">70322</subfield><subfield code="c">523</subfield></datafield><datafield ind1=" " ind2=" " tag="CAT"><subfield code="a">Sys</subfield><subfield code="c">20141204</subfield><subfield code="h">162140</subfield></datafield></record></collection>